@article{pratesi2018prudence,
  title={PRUDEnce: a system for assessing privacy risk vs utility in data sharing ecosystems},
  author={Pratesi, Francesca and Monreale, Anna and Trasarti, Roberto and Giannotti, Fosca and Pedreschi, Dino and Yanagihara, Tadashi},
  year={2018}
}

@article{pennebaker2001linguistic,
  title={Linguistic inquiry and word count: LIWC 2001},
  author={Pennebaker, James W and Francis, Martha E and Booth, Roger J},
  journal={Mahway: Lawrence Erlbaum Associates},
  volume={71},
  number={2001},
  pages={2001},
  year={2001}
}
